@book{ansibleUpAndRunning,
  title     = {Ansible: Up and Running},
  author    = {Lorin Hochstein},
  year      = {2017},
  publisher = {O'Reilly Media}
}

@manual{ansibleDoc,
  title        = {Ansible Documentation},
  organization = {Red Hat},
  year         = {2024},
  url          = {https://docs.ansible.com/}
}

@book{ansibleForDevOps,
  title     = {Ansible for DevOps: Server and Configuration Management for Humans},
  author    = {Jeff Geerling},
  year      = {2021},
  publisher = {Midwestern Mac, LLC},
  url       = {https://www.ansiblefordevops.com/}
}

@book{ansibleForKubernetes,
  title     = {Ansible for Kubernetes: The Next Step in Automating Infrastructure, Apps, and Kubernetes Clusters},
  author    = {Jeff Geerling},
  year      = {2022},
  publisher = {Midwestern Mac, LLC},
  url       = {https://www.ansibleforkubernetes.com/}
}

@manual{ansibleGalaxy,
  title        = {Ansible Galaxy},
  organization = {Red Hat},
  url          = {https://galaxy.ansible.com/}
}

@article{gettingStartedDigitalOcean,
  title  = {Getting Started with Ansible},
  author = {DigitalOcean},
  year   = {2023},
  url    = {https://www.digitalocean.com/community/tutorials/an-introduction-to-ansible}
}

@article{ansibleModulesRedHat,
  title  = {Top Ansible Modules and How to Use Them},
  author = {Red Hat},
  year   = {2023},
  url    = {https://www.redhat.com/en/topics/automation/ansible-modules}
}

@article{dynamicInventoryGeerling,
  title  = {Dynamic Inventory with Ansible and AWS},
  author = {Jeff Geerling},
  year   = {2022},
  url    = {https://www.jeffgeerling.com/blog/using-dynamic-inventory-ansible-and-aws}
}

@article{ansibleVaultRedHat,
  title  = {Using Ansible Vault to Protect Sensitive Data},
  author = {Red Hat},
  year   = {2023},
  url    = {https://www.redhat.com/sysadmin/ansible-vault-sensitive-data}
}

@article{commonIssuesTechTarget,
  title  = {Common Ansible Issues and How to Troubleshoot Them},
  author = {TechTarget},
  year   = {2023},
  url    = {https://www.techtarget.com/searchitoperations/tip/Common-Ansible-issues-and-how-to-troubleshoot-them}
}

@manual{ansibleGitHub,
  title        = {Ansible GitHub Repository},
  organization = {Red Hat},
  url          = {https://github.com/ansible/ansible}
}

@manual{ansibleAWX,
  title        = {AWX (Open Source Ansible Tower)},
  organization = {Red Hat},
  url          = {https://github.com/ansible/awx}
}

@manual{molecule,
  title        = {Molecule: Testing Framework for Ansible},
  organization = {Open Source Community},
  url          = {https://molecule.readthedocs.io/en/latest/}
}

@manual{ansibleLint,
  title        = {Ansible-Lint},
  organization = {Open Source Community},
  url          = {https://github.com/ansible/ansible-lint}
}

@video{ansibleEssentials,
  title  = {Ansible Essentials: Simplicity in Automation},
  author = {Red Hat Training},
  year   = {2023},
  url    = {https://www.redhat.com/en/services/training/ansible-essentials-simplicity-in-automation}
}

@video{geerlingYouTube,
  title  = {Learn Ansible with Practical Examples},
  author = {Jeff Geerling},
  year   = {2023},
  url    = {https://www.youtube.com/playlist?list=PL2_OBreMn7F7GtifoxwfBHR3XHzvY5UYO}
}

@manual{ansibleBestPractices,
  title        = {Ansible Best Practices},
  organization = {Red Hat},
  url          = {https://github.com/ansible/ansible-examples}
}
